@online{EclipseSurvey,
    author   = {Eclipse Foundation},
    title    = {Eclipse Community Survey 2014},
    year     = 2014,
    url      = {http://www.slideshare.net/IanSkerrett/eclipse-community-survey-2014},
    urldate  = {2015-12-08}
}

@online{GitHubPress,
    author   = {GitHub Inc},
    title    = {Informacje prasowe usługi GitHub},
    year     = 2016,
    url      = {https://github.com/about/press},
    urldate  = {2016-01-14}
}

@online{PoCoKontrola,
    author   = {Erudis Process Management},
    title    = {Po co nam kontrola wersji kodu źródłowego?!},
    url      = {http://www.erudis.pl/pl/node/104},
    urldate  = {2016-01-14}
}

@online{H2Performance,
    author   = {Thomas Mueller},
    title    = {Porównanie wydajności systemów bazodanowych w~dokumentacji systemu H2},
    url      = {http://www.h2database.com/html/performance.html},
    urldate  = {2015-12-08}
}

@online{GitOrBit,
    author   = {Viktor Farcic},
    title    = {GitHub vs GitLab vs BitBucket Server (Formerly Stash)},
    year     = 2015,
    url      = {http://technologyconversations.com/2015/10/16/github-vs-gitlabs-vs-bitbucket-server-formerly-stash/},
    urldate  = {2015-12-12}
}

@online{GitLabApiDoc,
    author   = {GitLab Inc},
    title    = {Dokumentacja GitLab API},
    year     = 2015,
    url      = {http://doc.gitlab.com/ee/api},
    urldate  = {2015-12-12}
}

@online{GitHubApiDoc,
    author   = {GitHub Inc},
    title    = {Dokumentacja GitHub API v3},
    year     = 2015,
    url      = {https://developer.github.com/v3/},
    urldate  = {2015-11-01}
}

@online{SpringDoc,
    author   = {Phillip Webb{,} Dave Syer},
    title    = {Dokumentacja Spring Boot - "{Spring Boot Reference Guide}"},
    year     = 2015,
    url      = {http://docs.spring.io/spring-boot/docs/current-SNAPSHOT/reference/htmlsingle/},
    urldate  = {2015-10-01}
}

@online(Heisenbug,
    author   = {Eric Raymond{,} Margos},
    title    = {Definicja słowa Heisenbug w Wikipedia},
    year     = 2015,
    url      = {https://pl.wikipedia.org/wiki/Heisenbug},
    urldate  = {2015-12-13}
}

@book{TestPWN,
    author    = {Adam Roman},
    title     = {Testowanie i~jakość oprogramowania. Modele, techniki i~narzędzia.},
    year      = 2015,
    publisher = {Wydawnictwo Naukowe PWN S.A.},
    ISBN      = {978-73-01-18160-4},
    pages     = {107--127}
}

@online{PoCo,
    author    = {Katarzyna Biernat},
    title     = {Po co robimy code review?},
    year      = 2012,
    url       = {http://xlab.pl/po-co-robimy-code-review/},
    urldate   = {2015-12-15}
}

@online{3rdAuth,
    author    = {Lohit Mehta},
    title     = {SAML, OAuth, OpenID},
    year      = 2014,
    url       = {http://resources.infosecinstitute.com/saml-oauth-openid/},
    urldate   = {2015-12-28}
}

@online{TunedModels,
    author    = {Chris Piech{,} Jonathan Huang},
    title     = {Tuned Models of Peer Assessment in MOOCs},
    year      = 2013,
    url       = {http://arxiv.org/pdf/1307.2579.pdf},
    urldate   = {2016-01-14}
}

@online{Framework,
    author    = {Trzmiel{,} Filemon},
    title     = {Definicja słowa Framework w Wikipedia},
    year      = 2015,
    url       = {https://pl.wikipedia.org/wiki/Framework},
    urldate   = {2016-01-14}
}

@online{SpringIssueBoot,
    author    = {Mike Youngstrom},
    title     = {Spring Framework issue: Improved support for 'containerless' web application architectures},
    year      = 2012,
    url       = {https://jira.spring.io/browse/SPR-9888},
    urldate   = {2016-01-14}
}

@article{DevToNieTylkoKod,
    author  = {Mateusz Harasymczuk},
    title   = {Development to nie tylko kod},
    year    = "2013",
    journal = "Programista",
    number  = "13",
    pages   = "134--135"
}


% ex: set tabstop=4 shiftwidth=4 softtabstop=4 noexpandtab fileformat=unix filetype=bib spelllang=pl,en spell:
